<?xml version="1.0" encoding="UTF-8"?><collection xmlns="http://www.loc.gov/MARC21/slim"><record><leader>00502nam--2200193-u-4500</leader><controlfield tag="001">000052085</controlfield><controlfield tag="002">20161230</controlfield><controlfield tag="005">20161230201049</controlfield><controlfield tag="008">090622s1000------------r-----000-0-eng-d</controlfield><datafield ind1=" " ind2=" " tag="040"><subfield code="a">IFIN-HH</subfield></datafield><datafield ind1=" " ind2=" " tag="080"><subfield code="a">51</subfield></datafield><datafield ind1="1" ind2=" " tag="100"><subfield code="a">Gray,Jeremy</subfield></datafield><datafield ind1="1" ind2=" " tag="245"><subfield code="a">The Mathematics of Great Amateurs. Second Edition</subfield></datafield><datafield ind1=" " ind2=" " tag="260"><subfield code="a">Oxford</subfield><subfield code="b">Clarendon Press</subfield><subfield code="c">2002</subfield></datafield><datafield ind1=" " ind2=" " tag="300"><subfield code="a">211 p</subfield></datafield><datafield ind1=" " ind2=" " tag="502"><subfield code="a">Includes Bibliographical References</subfield></datafield><datafield ind1=" " ind2="4" tag="650"><subfield code="a">Mathemathics</subfield></datafield><datafield ind1=" " ind2=" " tag="852"><subfield code="a">82226</subfield><subfield code="c">51.01</subfield></datafield><datafield ind1=" " ind2=" " tag="CAT"><subfield code="a">Sys</subfield><subfield code="c">20090622</subfield><subfield code="h">121113</subfield></datafield></record></collection>